@article{ste2011Choosing,
  title={Choosing the Number of Clusters in K-Means Clustering},
  author={STEINLEY, & BRUSCO, M. J},
  journal={Psychological Methods},
  volume={16},
  number={3},
  pages={285--297},
  year={2011},
  publisher={American Psychological Association}
}
@article{tab2022kmeans,
  title={K-Means Clustering Approach for Intelligent Customer Segmentation Using Customer Purchase Behavior Data},
  author={Tabianan, Velu, S., & Ravi, V.},
  journal={Analytical methods},
  volume={14},
  number={12},
  pages={7243},
  year={2022},
  publisher={American Psychological Association},
  url={https://doi.org/10.3390/su14127243}
}
@article{yul2020astudy,
  title={A study on e-commerce customer segmentation management based on improved K-means algorithm.},
  author={Yulin, D., & Qianying, G. },
  journal={Information Systems and e-Business Management},
  volume={18},
  number={4},
  pages={497--510},
  year={2020},
  publisher={Springer-Verlag GmbH},
  url={https://doi.org/10.1007/s10257-018-0381-3}
}
@article{li2013application,
  title={Application of improved K-means clustering algorithm in customer segmentation.},
  author={Li, G.},
  journal={Applied Mechanics and Materials},
  volume={411},
  number={414},
  pages={1081--1084},
  year={2013},
  publisher={Trans Tech Publications, Switzerland},
  url={https://doi.org/10.4028/www.scientific.net/AMM.411-414.1081}
}
@INPROCEEDINGS{6295158,
  author={Ye, Luo and Qiu-ru, Cai and Hai-xu, Xi and Yi-jun, Liu and Zhi-min, Yu},
  booktitle={2012 7th International Conference on Computer Science & Education (ICCSE)}, 
  title={Telecom customer segmentation with K-means clustering}, 
  year={2012},
  volume={},
  number={},
  pages={648-651},
  doi={10.1109/ICCSE.2012.6295158}
}


